@Book{knuthTAOCP,
  author    = {Knuth, Donald E.},
  publisher = {Addison-Wesley Professional},
  title     = {The Art of Computer Programming, Vol. 4, Fas. 3: Generating All Combinations and Partitions},
  year      = {2005},
  address   = {Boston, MA, USA},
  month     = {apr},
  volume    = {21},
  doi       = {http://dx.doi.org/10.1145/2886843},
  journal   = {{ACM} Journal of Experimental Algorithmics},
  pages     = {1--49},
}

@Article{Abraham_2010,
  author    = {Ittai Abraham and Amos Fiat and Andrew V. Goldberg and Renato F. Werneck},
  title     = {Highway Dimension, Shortest Paths, and Provably Efficient Algorithms},
  year      = {2010},
  month     = {jan},
  booktitle = {Proceedings of the Twenty-First Annual {ACM}-{SIAM} Symposium on Discrete Algorithms},
  doi       = {https://doi.org/10.1137/1.9781611973075.64},
  publisher = {Society for Industrial and Applied Mathematics},
}

@Article{Dibbelt_2015,
  author    = {Julian Dibbelt and Thomas Pajor and Dorothea Wagner},
  journal   = {{ACM} Journal of Experimental Algorithmics},
  title     = {User-Constrained Multimodal Route Planning},
  year      = {2015},
  month     = {feb},
  pages     = {1--19},
  volume    = {19},
  doi       = {https://doi.org/10.1007/978-3-540-87744-8_61},
  publisher = {Association for Computing Machinery ({ACM})},
}

@Article{Sanders,
  author    = {Peter Sanders and Dominik Schultes and Christian Vetter},
  title     = {Mobile Route Planning},
  pages     = {732--743},
  booktitle = {Algorithms - {ESA} 2008},
  doi       = {https://doi.org/10.1007/978-3-540-87744-8_61},
  publisher = {Springer Berlin Heidelberg},
}

@Article{Geisberger,
  author    = {Robert Geisberger and Peter Sanders and Dominik Schultes and Daniel Delling},
  title     = {Contraction Hierarchies: Faster and Simpler Hierarchical Routing in Road Networks},
  year      = {2008},
  pages     = {319--333},
  booktitle = {Experimental Algorithms},
  doi       = {https://doi.org/10.1007/978-3-540-68552-4_24},
  publisher = {Springer Berlin Heidelberg},
}

@Article{Geisberger_2012,
  author    = {Robert Geisberger and Peter Sanders and Dominik Schultes and Christian Vetter},
  journal   = {Transportation Science},
  title     = {Exact Routing in Large Road Networks Using Contraction Hierarchies},
  year      = {2012},
  month     = {aug},
  number    = {3},
  pages     = {388--404},
  volume    = {46},
  doi       = {http://dx.doi.org/10.1287/ trsc.1110.0401},
  publisher = {Institute for Operations Research and the Management Sciences ({INFORMS})},
}

@Article{CCH,
  author    = {Julian Dibbelt and Ben Strasser and Dorothea Wagner},
  journal   = {{ACM} Journal of Experimental Algorithmics},
  title     = {Customizable Contraction Hierarchies},
  year      = {2016},
  month     = {apr},
  pages     = {1--49},
  volume    = {21},
  doi       = {http://dx.doi.org/10.1145/2886843},
  publisher = {Association for Computing Machinery ({ACM})},
  ranking   = {rank5},
}

@Article{Bast_2007,
  author    = {Holger Bast and Stefan Funke and Peter Sanders and Dominik Schultes},
  journal   = {Science},
  title     = {Fast Routing in Road Networks with Transit Nodes},
  year      = {2007},
  month     = {apr},
  number    = {5824},
  pages     = {566--566},
  volume    = {316},
  doi       = {https://doi.org/10.1126/science.1137521},
  publisher = {American Association for the Advancement of Science ({AAAS})},
}

@Article{Dijkstra_1959,
  author    = {E. W. Dijkstra},
  journal   = {Numerische Mathematik},
  title     = {A note on two problems in connexion with graphs},
  year      = {1959},
  month     = {dec},
  number    = {1},
  pages     = {269--271},
  volume    = {1},
  doi       = {https://doi.org/10.1007/BF01386390},
  publisher = {Springer Science and Business Media {LLC}},
}

@Misc{DEffremo2019,
  author = {Nicolai D'Effremo},
  title  = {An external memory implementation of ContractionHierarchies using independent sets},
  year   = {2019},
  groups = {Faculty of Sciences, Department of Computer and Information Science},
  school = {Univerität Konstanz},
}

@Misc{Zickenberg2021,
  author = {Anton Zickenberg},
  title  = {A Contraction Hierarchies-based Index forRegular Path Queries on Graph Databases},
  year   = {2021},
  groups = {Faculty of Sciences, Department of Computer and Information Science},
  school = {Universität Konstanz},
}

@Article{Ouyang_2020,
  author    = {Dian Ouyang and Long Yuan and Lu Qin and Lijun Chang and Ying Zhang and Xuemin Lin},
  journal   = {Proceedings of the {VLDB} Endowment},
  title     = {Efficient shortest path index maintenance on dynamic road networks with theoretical guarantees},
  year      = {2020},
  month     = {jan},
  number    = {5},
  pages     = {602--615},
  volume    = {13},
  doi       = {https://doi.org/10.14778/3377369.3377371},
  publisher = {Association for Computing Machinery ({ACM})},
}

@Article{BlumStorandt,
  author    = {Blum, Johannes and Storandt, Sabine},
  title     = {Lower Bounds and Approximation Algorithms for Search Space Sizes in Contraction Hierarchies},
  year      = {2020},
  copyright = {Creative Commons Attribution 3.0 Unported license},
  doi       = {10.4230/LIPIcs.ESA.2020.20},
  keywords  = {contraction hierarchies, search space size, balanced separator, tree decomposition, Mathematics of computing → Graph algorithms},
  language  = {en},
  publisher = {Schloss Dagstuhl - Leibniz-Zentrum für Informatik},
}

@Misc{DIMACS,
  author       = {Camil Demetrescu, Andrew Goldberg, David Johnson},
  howpublished = {https://www.diag.uniroma1.it/challenge9/download.shtml},
  title        = {9th DIMACS Implementation Challenge},
  year         = {2006},
  url          = {https://www.diag.uniroma1.it/challenge9/index.shtml#organizers},
}

@Misc{JavaPrioQueue,
  author       = {Oracle and/or its affiliates 500 Oracle Parkway Redwood Shores CA 94065 USA},
  howpublished = {Internet},
  title        = {Class PriorityQueue<E>},
  year         = {2023},
  url          = {https://docs.oracle.com/en/java/javase/17/docs/api/java.base/java/util/PriorityQueue.html},
}

@Article{floyd1964algorithm,
  author    = {Floyd, Robert W},
  journal   = {Communications of the ACM},
  title     = {Algorithm 245: treesort},
  year      = {1964},
  number    = {12},
  pages     = {701},
  volume    = {7},
  publisher = {ACM New York, NY, USA},
}

@Book{andrew2015modern,
  author    = {Andrew, S Tanenbaum and Herbert, Bos},
  publisher = {Pearson Education},
  title     = {Modern operating systems},
  year      = {2015},
  isbn      = {ISBN-10: 0-13-359162-X},
  note      = {page 194 - 222},
}

@Article{A_Star,
  author  = {Hart, Peter E. and Nilsson, Nils J. and Raphael, Bertram},
  journal = {IEEE Transactions on Systems Science and Cybernetics},
  title   = {A Formal Basis for the Heuristic Determination of Minimum Cost Paths},
  year    = {1968},
  number  = {2},
  pages   = {100-107},
  volume  = {4},
  doi     = {10.1109/TSSC.1968.300136},
}

@InProceedings{ALT,
  author    = {Goldberg, Andrew V and Harrelson, Chris},
  booktitle = {SODA},
  title     = {Computing the shortest path: A search meets graph theory.},
  year      = {2005},
  pages     = {156--165},
  volume    = {5},
}

@InProceedings{ARC_FLAG,
  author       = {Berrettini, Emanuele and D'Angelo, Gianlorenzo and Delling, Daniel},
  booktitle    = {9th Workshop on Algorithmic Approaches for Transportation Modeling, Optimization, and Systems (ATMOS'09)},
  title        = {Arc-flags in dynamic graphs},
  year         = {2009},
  organization = {Schloss Dagstuhl-Leibniz-Zentrum f{\"u}r Informatik},
}

@InProceedings{storandt2013contraction,
  author       = {Storandt, Sabine},
  booktitle    = {Annual Conference on Artificial Intelligence},
  title        = {Contraction hierarchies on grid graphs},
  year         = {2013},
  organization = {Springer},
  pages        = {236--247},
}

@InProceedings{fan2015case,
  author    = {Fan, Jing and Raj, Adalbert Gerald Soosai and Patel, Jignesh M},
  booktitle = {CIDR},
  title     = {The Case Against Specialized Graph Analytics Engines.},
  year      = {2015},
}

@InProceedings{efentakis2015cold,
  author       = {Efentakis, Alexandros and Efstathiades, Christodoulos and Pfoser, Dieter},
  booktitle    = {International Symposium on Spatial and Temporal Databases},
  title        = {COLD. Revisiting hub labels on the database for large-scale graphs},
  year         = {2015},
  organization = {Springer},
  pages        = {22--39},
}

@Article{Abraham_2012,
  author     = {Abraham, Ittai and Delling, Daniel and Fiat, Amos and Goldberg, Andrew V. and Werneck, Renato F.},
  title      = {HLDB: location-based services in databases},
  year       = {2012},
  month      = nov,
  booktitle  = {Proceedings of the 20th International Conference on Advances in Geographic Information Systems},
  collection = {SIGSPATIAL’12},
  doi        = {https://doi.org/10.1145/2424321.2424365},
  publisher  = {ACM},
  series     = {SIGSPATIAL’12},
}

@Article{Abraham_2011,
  author    = {Abraham, Ittai and Delling, Daniel and Goldberg, Andrew V. and Werneck, Renato F.},
  title     = {A Hub-Based Labeling Algorithm for Shortest Paths in Road Networks},
  year      = {2011},
  issn      = {1611-3349},
  pages     = {230--241},
  booktitle = {Lecture Notes in Computer Science},
  doi       = {https://doi.org/10.1007/978-3-642-20662-7_20},
  isbn      = {9783642206627},
  publisher = {Springer Berlin Heidelberg},
}

@Article{delling2013phast,
  author    = {Delling, Daniel and Goldberg, Andrew V and Nowatzyk, Andreas and Werneck, Renato F},
  journal   = {Journal of Parallel and Distributed Computing},
  title     = {PHAST: Hardware-accelerated shortest path trees},
  year      = {2013},
  number    = {7},
  pages     = {940--952},
  volume    = {73},
  publisher = {Elsevier},
}

@Comment{jabref-meta: databaseType:bibtex;}
